1971 3260
128 19 200 53 534
704 20 792 53 LIB.
820 19 876 53 ΙΙ.
905 40 916 45 -
944 19 1002 53 De
1027 20 1207 64 personis
1584 20 1670 56 Gan.
1695 20 1764 55 491
1797 67 1799 70 Α

132 144 226 186 tum
249 144 379 185 laicis
407 146 500 186 tum
525 143 747 195 rel2‘9i05·ef.s·
773 146 901 184 eastra
928 154 1081 185 eorum
1108 143 1323 186 ecclesias
1350 157 1390 185 v.
1419 155 1484 197 gr.
1515 144 1561 186 in
1586 156 1765 197 proces-

128 214 334 257 sionibus
358 226 476 267 quae·
495 227 552 256 ex
575 214 737 256 aliems
761 213 964 257 ecclesiis
989 214 1254 267 procedunt,
1283 215 1351 257 vel
1377 216 1424 257 in
1446 215 1627 258 actibus
1651 227 1766 269 quae

127 283 172 325 111
200 282 458 325 huiusmodi
489 282 694 325 ecclesiis
714 286 1011 336 «peraguntur,
1042 285 1177 334 atque
1208 284 1345 326 etiam
1374 284 1417 326 in
1445 294 1600 326 eorum
1629 285 1766 326 00010-

130 354 227 405 siis,
255 355 409 408 quoad
430 356 563 397 »actus
587 355 713 397 'intra
736 367 817 397 0οι5
841 354 1157 407 perficiendos,
1190 356 1257 397 vell
1278 356 1596 408 processiones
1620 357 1678 399 ab
1700 357 1766 410 ip-

99 462 103 468 *
127 426 192 467 sis
210 437 492 478 egressuras,
519 425 557 467 ‚si
578 427 741 478 affatur
763 426 817 466 (le
839 424 1053 477 '‘eliqione
1078 423 1254 475 laic-alig
1282 424 1541 476 Cape‘tulum
1564 437 1668 468 vero
1694 438 1766 469 ca·-

132 495 333 539 theatrale
364 496 436 537 'nel
477 496 709 549 colleyzssale
746 495 914 538 eisdem
955 497 1178 550 religiosis
1222 498 1494 550 quibuslibet
1537 497 1767 549 praecedit

129 566 294 619 ubique
322 568 538 609 locorum.

219 638 319 679 544.
357 632 536 678 Divisio
566 634 705 678 huius
736 633 882 684 partis
914 635 963 678 in
994 633 1172 680 titulos,
1216 663 1275 666 —
1308 639 1551 692 Postquam
1584 651 1767 682 normae

129 709 365 762 generales
404 708 509 751 huic
553 710 778 752 secundae
822 711 942 762 parti
985 710 1264 763 praemissae
1305 714 1426 759 sunt,
1475 722 1670 753 canones
1714 711 1767 753 de

130 780 354 833 religiosis
383 785 701 833 proponuntur
729 791 808 834 per
838 793 995 823 novem
1027 781 1199 824 Titulos
1228 778 1373 834 logico
1404 781 1670 824 distributos
1699 794 1767 824 01·-

129 850 249 893 111110.
282 851 453 904 Religio
478 855 548 894 est
572 852 785 898 societas,
816 855 859 894 et
886 853 929 893 in
960 852 1159 905 qualibet
1182 852 1402 894 societate
1428 864 1544 905 opus
1571 856 1638 894 est
1666 864 1769 895 con-

128 922 331 966 siderare
355 923 533 965 initium
558 923 703 975 ipsius
722 924 959 966 societatis
982 924 1270 977 partiumque
1295 924 1647 976 praecipuarum
1669 924 1768 967 eius

131 1006 245 1047 quae
283 993 430 1047 ipsam
472 994 725 1048 proximius
767 995 1008 1048 integrant,
1057 996 1128 1037 cui
1166 995 1292 1037 initio
1335 995 1630 1038 correlativus
1665 995 1767 1036 finis
1828 1016 1829 1020 =

130 1066 301 1118 optime
326 1066 371 1107 111
395 1067 528 1109 rebus
553 1066 766 1109 humanis
790 1067 922 1108 simul
950 1067 1277 1117 consideratur,
1308 1067 1503 1109 maxime
1528 1067 1567 1110 si
1594 1067 1771 1109 utilitas

131 1136 234 1180 inde
269 1138 574 1191 consequatur
608 1151 647 1179 v.
686 1150 752 1190 gr.
793 1138 837 1181 in
873 1139 1101 1190 praesenti
1138 1150 1184 1180 re
1220 1139 1417 1191 cognitio
1452 1139 1768 1191 exceptionum

131 1209 305 1262 primae
329 1209 512 1262 regulae
538 1210 663 1252 iuris.
697 1210 893 1251 Primum
916 1221 1023 1262 ergo
1052 1210 1198 1252 locum
1221 1210 1309 1252 sibi
1335 1210 1565 1263 exposcit:
1598 1228 1617 1248 «
1649 1210 1768 1252 Titu-

131 1281 202 1324 lus
230 1281 301 1323 IX.
335 1282 395 1323 De
426 1282 648 1324 erectione
678 1286 721 1323 et
747 1282 1070 1334 suppressione
1100 1282 1346 1335 religionis,
1382 1282 1658 1335 provinciae,
1693 1281 1768 1324 do-

131 1365 232 1395 mus
253 1371 291 1394 ».
320 1377 335 1382 —
358 1353 518 1396 Postea
542 1353 588 1394 in
609 1353 827 1396 societate
850 1353 1191 1405 distinguantur
1212 1356 1389 1406 oportet
1412 1366 1519 1406 pars
1543 1353 1763 1403 formalis,

132 1436 317 1477 nempe:
348 1424 601 1466 auctoritas
626 1436 783 1477 regens
812 1424 936 1466 illam
964 1425 1009 1465 111
1036 1424 1167 1467 finem
1192 1436 1340 1475 suum,
1371 1428 1413 1468 et
1438 1425 1622 1468 sodales.
1648 1424 1769 1467 illius

126 1495 202 1549 qui
221 1494 359 1537 veluti
378 1495 570 1537 materia
590 1498 633 1537 et
654 1507 754 1537 vere
774 1496 973 1537 membra
991 1495 1226 1538 societatis
1245 1499 1364 1538 sunt.
1390 1497 1502 1539 Hinc
1521 1498 1770 1549 sequuntur

131 1578 353 1610 canones:
393 1567 474 1609 sub
510 1585 529 1605 «
568 1567 668 1608 Tits’.
707 1567 754 1608 X.
795 1567 854 1609 De
888 1566 1154 1619 religionum
1188 1567 1403 1620 regimine
1442 1585 1478 1612 η,
1518 1569 1652 1620 atque
1686 1568 1769 1610 sub

102 1633 106 1644 ”
131 1638 236 1681 01115
255 1638 514 1681 referuntur
533 1639 726 1683 diversa,
754 1650 867 1691 quae
886 1638 1087 1681 statuere
1108 1650 1289 1681 necesse
1310 1642 1375 1681 est
1397 1639 1517 1681 circa
1539 1639 1766 1684 subditos;

129 1710 329 1752 scilicet:
367 1710 512 1762 primo
546 1709 742 1763 qualiter
775 1710 819 1750 in
852 1710 1114 1752 societatem
1149 1710 1201 1754 lii
1224 1710 1500 1753 addicantur
1532 1711 1764 1756 canonice,

129 1780 186 1824 de
220 1793 306 1834 quo
332 1781 430 1833 agit
464 1798 484 1819 «
509 1779 592 1822 Tit.
627 1781 698 1822 XI.
739 1781 798 1823 De
835 1781 1109 1824 admissione
1144 1782 1189 1823 in
1224 1781 1544 1835 religionem»,
1584 1784 1627 1824 et
1662 1782 1769 1835 quia

131 1852 384 1905 completae
416 1852 682 1895 admissioni
716 1853 761 1894 in
795 1853 1064 1905 quibusdam
1097 1850 1404 1906 religionibus,
1443 1852 1595 1896 studia
1625 1853 1770 1895 scien-

132 1923 300 1965 tiarum
348 1935 586 1966 sacrarum
639 1924 897 1966 immediate
950 1925 1298 1977 subsequuntur,
1358 1936 1636 1978 consequens
1675 1964 1677 1969 ,
1703 1927 1770 1967 051

133 2012 154 2033 «
187 1994 271 2036 Tit.
306 1995 400 2036 XII.
433 1994 494 2037 De
522 1995 697 2037 ratione
724 1995 979 2037 studiorum
1010 1996 1053 2037 in
1084 1995 1377 2048 religionibus
1407 1995 1695 2054 clericalibus
1728 2012 1765 2036 ».

134 2064 199 2106 Ex
224 2064 296 2107 his
319 2065 506 2118 cognita
531 2065 831 2119 ordinataque
860 2066 1017 2108 intima
1048 2066 1315 2119 religionum
1344 2066 1577 2109 societate,
1608 2068 1769 2119 sponte

133 2135 337 2189 sequitur
355 2136 532 2179 edicere
551 2138 620 2180 ius
641 2138 686 2179 111
703 2154 727 2175 1(
754 2137 836 2181 Tit.
862 2138 979 2179 XIII.
1006 2138 1065 2180 De
1086 2138 1437 2191 obligationibus
1458 2141 1501 2181 et
1521 2137 1772 2191 privilegiis

132 2207 446 2261 religiosorum
479 2226 515 2258 »‚
550 2220 664 2262 quae
693 2209 944 2262 posteriora
976 2209 1233 2263 significant
1261 2210 1362 2252 iura
1389 2210 1484 2252 sive
1514 2210 1771 2252 communia

134 2290 235 2321 cum
265 2279 444 2321 clericis
473 2280 565 2322 sive
596 2281 781 2333 propria
811 2292 983 2323 eorum.
1019 2305 1034 2310 -
1070 2280 1322 2333 Religiones
1351 2284 1455 2323 sunt
1490 2280 1669 2334 quidem
1701 2293 1770 2323 so—

134 2350 324 2393 cietates
356 2350 493 2393 veluti
530 2352 786 2394 necessario
821 2352 867 2393 in
904 2352 1105 2394 Ecclesia
1142 2352 1420 2404 pullulantes
1453 2354 1639 2406 propter
1673 2353 1770 2395 eius

95 2469 98 2476 ,
134 2421 460 2465 fecunditatem
489 2424 769 2469 sanctitatis2
798 2423 875 2465 sed
906 2423 1188 2468 voluntariae
1217 2424 1366 2477 quoad
1395 2424 1697 2477 ingredientes
1724 2423 1770 2466 in

133 2504 227 2544 eas,
258 2505 313 2536 eo
340 2494 458 2546 quod
485 2494 545 2536 ad
572 2493 764 2537 sal-utem
792 2494 997 2546 ipsorum
1029 2507 1116 2536 non
1148 2497 1254 2537 sunt
1279 2495 1578 2545 necessariae,
1614 2496 1768 2547 utpote

136 2564 195 2607 ad
232 2564 525 2607 consiliorum
561 2565 825 2608 exercitium
864 2565 1132 2615 destinatae,
1177 2568 1312 2619 atque
1351 2565 1498 2608 adhuc
1538 2567 1771 2608 remanent

135 2635 238 2686 post
267 2632 526 2675 earumdem
557 2633 814 2685 amplexum
844 2633 1133 2686 hypothetice
1164 2633 1462 2684 voluntariae,
1499 2634 1605 2687 quia
1635 2633 1770 2676 inter-

136 2707 269 2748 ventu
296 2705 459 2747 saltem
492 2704 838 2748 Ecclesiasticae
868 2705 1172 2755 auctoritatis,
1205 2706 1278 2748 cui
1309 2718 1337 2748 a.
1367 2706 1466 2748 Iesu
1497 2705 1673 2749 Christo
1703 2707 1770 2748 est

135 2767 398 2818 concredita
417 2777 565 2818 status
589 2774 787 2827 religiosi
812 2776 1078 2837 moderatio,
1105 2776 1233 2819 salva
1257 2777 1402 2829 ipsius
1424 2789 1477 2819 ex
1500 2778 1596 2820 iure
1619 2777 1770 2820 divino

135 2848 408 2911 substantia,
453 2850 643 2899 possunt
682 2847 883 2890 membra
921 2847 1101 2890 illarum
1138 2860 1194 2891 ex
1234 2860 1515 2901 quacumque
1554 2848 1769 2900 religione
