1971 3260
145 134 216 167 668
712 133 802 166 Lm.
828 133 884 167 II.
911 152 924 157 —
950 133 1011 167 Dc
1034 135 1215 178 personis
1599 137 1685 174 Gan.
1711 137 1789 174 600⁷

148 260 298 299 autem
327 252 593 310 supposito:
635 257 960 299 monaste-rium
997 257 1262 300 monialium
1299 257 1604 311 υῑζςὶίαηῐὶϋας,
1645 261 1780 314 atque.

150 328 194 369 in
237 328 433 370 editione
478 327 658 371 officiali
700 327 1031 381 supprimenda
1074 332 1181 373 sunt
1224 330 1383 372 verba:
1428 330 1530 373 «ad
1574 343 1777 374 normam

148 411 247 442 oan.
285 399 369 441 512
392 416 413 438 >›
454 397 465 415 ¹
501 395 543 450 e)
579 400 648 441 vel
684 399 786 443 atriis
825 400 1141 442 Vistcatorzbus
1175 401 1229 442 ab
1269 400 1381 452 ipsis
1421 399 1638 453 dclcqatz's
1677 400 1787 444 licet

148 469 406 512 clausuram
435 469 625 522 inqrcdi,
655 477 769 524 quae
799 472 937 514 verba
959 471 1227 514 eonfirmant
1257 472 1675 525 interpretationem
1704 473 1780 516 da-

147 545 240 585 tam
267 555 406 596 supra
435 543 488 586 de
511 542 736 586 indirecta
760 541 1065 596 prohibitione
1093 543 1135 585 vi
1163 543 1352 585 canonis
1374 544 1563 594 statuta,
1594 544 1631 585 1⁰
1656 542 1780 584 dum-

149 614 275 654 tamt
301 612 595 664 inspectionis
627 623 782 663 causei,
816 616 859 655 et
887 613 974 666 qua
1005 613 1184 666 expleta
1218 614 1496 667 inspectione
1522 605 1685 657 iterum
1717 614 1781 655 in—

146 684 271 738 gredi
295 684 362 727 eis
392 697 480 727 non
510 685 629 733 licet,
663 685 723 727 ΙΙ0
748 686 970 736 cautoque
1000 688 1049 727 ut
1078 695 1194 725 unus
1226 685 1386 726 saltem
1416 681 1458 735 a)
1494 683 1682 725 ctericus
1714 684 1780 724 vel

148 752 386 807 rcligyiosus
419 756 474 798 ad
501 766 706 798 normam
736 768 836 798 can.
872 757 970 806 488,
1000 756 1042 797 7Ο
1073 773 1092 794 «
1116 756 1190 808 qui
1220 756 1265 797 in
1290 755 1505 808 religione
1536 758 1641 798 vota
1670 768 1781 798 nun—

147 827 332 880 oupavit
354 844 391 877 η,
427 827 631 880 quamvis
663 839 921 878 conversus,
956 826 1022 869 vir
1057 823 1342 879 (vocabulum
1368 826 1624 869 neeessario
1656 826 1782 869 addi-

147 902 242 941 tum
277 900 463 951 propter
498 910 597 940 can.
633 894 753 950 490),
794 909 909 951 quae
946 897 1222 940 disiunotiva
1250 898 1439 940 canonis
1472 897 1666 940 deservit
1700 909 1782 951 pro

149 982 417 1024 unoquo-que
452 969 789 1023 praedictorum
828 970 1130 1020 visitatorum,
1174 970 1217 1020 1))
1254 971 1460 1010 maturae
1502 967 1666 1009 aetatis
1711 964 1782 1021 (40

147 1042 309 1085 saltem
339 1054 560 1085 annorum
589 1045 716 1085 aet-as
744 1043 866 1085 certo
896 1037 1075 1094 sufficit)
1108 1038 1146 1092 c)
1179 1052 1254 1082 eos
1286 1040 1523 1082 comitetur
1550 1041 1645 1083 toto
1673 1042 1782 1084 tem-

149 1125 255 1166 pore
282 1113 510 1166 quointra
530 1113 793 1156 clausuram
817 1113 882 1155 illi
907 1113 1011 1155 sint.

235 1186 278 1226 2⁰
297 1185 629 1236 Consc.sxsw‘2ssus,
649 1188 694 1228 et
720 1185 829 1238 quia
852 1185 948 1228 sine
972 1185 1254 1228 restrictione
1282 1185 1461 1235 dicitur,
1493 1183 1781 1237 interpretari

145 1258 349 1309 oportet:
377 1257 469 1299 sive
495 1255 756 1299 ordinarius
774 1256 850 1306 sit,
880 1256 972 1299 sive
996 1255 1228 1308 specialis,
1254 1255 1346 1298 sive
1371 1254 1778 1306 extraordinarius,

146 1328 239 1370 sive
268 1328 515 1370 arcessitus
538 1328 740 1379 tempore
765 1327 920 1379 gravis
943 1325 1255 1380 aegritudinis,
1290 1328 1347 1370 ad
1375 1336 1579 1369 normam
1607 1337 1708 1379 cap.
1741 1326 1781 1367 Il

150 1417 169 1437 «
193 1399 245 1441 de
273 1398 566 1442 confessariis
591 1401 637 1443 et
664 1398 948 1452 cappellanis
970 1416 991 1436 »
1015 1399 1060 1439 in
1090 1398 1236 1440 Titulo
1262 1398 1309 1448 Χ,
1343 1397 1410 1439 cel
1439 1397 1515 1450 qui
1539 1397 1634 1438 cius
1661 1395 1781 1437 'vices

148 1469 261 1523 ‚qerz't
287 1471 437 1525 quoad
462 1469 765 1513 ministerium
791 1482 985 1523 sequens
1015 1471 1060 1511 in
1090 1482 1276 1520 canone,
1307 1470 1470 1521 potest,
1505 1464 1547 1519 a)
1580 1480 1682 1510 cum
1709 1467 1782 1508 cle-

150 1540 252 1583 bz'tz's
285 1542 474 1583 cautelis
503 1554 616 1595 quas
645 1542 816 1584 discere
848 1553 1089 1594 possumus
1115 1553 1196 1593 pro
1230 1552 1364 1584 sacra
1384 1540 1699 1582 ⁴communione
1727 1549 1783 1581 ex

149 1613 260 1656 deff.
303 1613 345 1655 S.
388 1614 561 1666 Congrss.
605 1613 657 1656 de
695 1612 931 1666 Religiosis
970 1609 1009 1653 2:
1048 1612 1277 1665 «Oportet
1315 1613 1466 1653 autem
1503 1613 1548 1653 ut
1589 1612 1783 1663 quatuor

149 1685 387 1739 religiosae
413 1687 619 1727 maturae
643 1684 823 1733 aetatis,
851 1685 890 1727 si
912 1683 1007 1726 fieri
1035 1683 1195 1736 possit,
1221 1683 1278 1725 al)
1306 1683 1509 1735 ingressu
1536 1681 1581 1722 in
1605 1680 1782 1723 clausu-

149 1768 246 1798 ram
287 1767 426 1809 usque
462 1756 523 1799 ad
558 1767 806 1808 egressum,
849 1755 1130 1797 sacerdot-ein
1161 1753 1447 1803 comitentur,
1492 1752 1566 1805 qui
1605 1762 1782 1793 sacram

148 1828 361 1882 pyxidem
383 1828 562 1882 aliquas
583 1827 837 1882 particulas
858 1828 1148 1869 consecratas
1171 1826 1473 1868 continentem
1495 1823 1686 1873 deferre,
1711 1834 1784 1865 sa·

149 1912 272 1942 cram
308 1899 673 1942 Commuuitmem
709 1898 1042 1947 administrare,
1082 1897 1244 1939 reverti
1280 1896 1338 1939 ad
1369 1896 1626 1945 ecclesiam,
1657 1906 1783 1947 „eam-

150 1970 338 2023 demque
364 1982 543 2013 sacrani
568 1970 780 2023 pyxidem
806 1979 1022 2022 reponere
1049 1969 1194 2018 dehet,
1224 1968 1415 2011 servatis
1441 1967 1634 2009 rubricis
1659 1978 1686 2009 a
1713 1965 1783 2008 Ri-

148 2041 261 2087 tuali
284 2042 482 2083 Romano
502 2053 584 2093 pro
606 2040 925 2083 Communione
947 2040 1225 2082 infirmorum
1245 2039 1473 2082 statutis».
1500 2038 1561 2080 Et
1573 2037 1658 2080 hae
1679 2049 1783 2080 cau—

149 2112 265 2155 telae
295 2103 443 2154 valent
477 2112 613 2154 etiam
640 2124 721 2164 pro
756 2110 927 2154 Viatico
959 2114 1005 2154 et
1040 2111 1491 2153 Extrema-Unctione
1522 2110 1782 2152 ministran-

151 2184 234 2226 dis.
273 2209 287 2213 -
319 2184 401 2226 Pro
435 2178 714 2225 confessario
748 2184 914 2233 autem,
948 2184 988 2224 si
1014 2186 1083 2225 est
1117 2182 1381 2234 saecularis,
1416 2182 1542 2224 iuxta
1575 2181 1696 2223 Dec³2
1735 2180 1777 2222 S.

153 2256 195 2297 S.
230 2256 313 2296 EE.
342 2258 387 2297 et
417 2255 503 2296 RF..
535 2252 550 2275 3
577 2255 749 2308 ingredi
780 2255 911 2297 debet
933 2255 998 2296 ita
1028 2257 1075 2295 ut
1099 2256 1217 2295 recte
1242 2256 1286 2296 et
1316 2253 1484 2305 absque
1513 2251 1777 2294 diverticulo

147 2330 223 2369 eat
258 2327 499 2379 redeatque
531 2338 610 2368 nec
645 2326 702 2368 ad
736 2326 873 2367 aliam
908 2325 1170 2367 monasterii
1201 2327 1377 2376 partem
1414 2323 1663 2376 divagetur,
1702 2333 1782 2363 nec
1841 2367 1844 2370 ⁴

152 2398 211 2440 ihi
233 2398 416 2439 morari.
445 2398 557 2438 Dum
577 2396 705 2440 audit
728 2396 932 2438 infirmae
953 2395 1298 2444 confessionem,
1328 2394 1467 2436 ianua
1490 2392 1629 2436 cellae
1654 2403 1780 2444 aper-

151 2471 198 2512 ta.
224 2473 471 2511 remaneat.
504 2468 742 2511 dummodo
768 2468 939 2510 nullum
964 2467 1024 2509 sit
1051 2466 1318 2519 periculum,
1347 2464 1466 2518 quod
1493 2464 1549 2507 ab
1576 2463 1678 2505 aliis
1705 2475 1783 2505 au—

148 2539 302 2582 diatur
333 2539 611 2592 aegrotantis
647 2539 887 2582 confessio.
929 2539 1098 2580 Debent
1130 2548 1231 2580 esse
1268 2537 1528 2589 praesentes
1559 2534 1674 2577 duae
1711 2546 1784 2577 co-

150 2612 415 2659 mitatrices,
451 2611 515 2653 ita
551 2615 599 2653 ut
634 2610 964 2653 confessarium
997 2613 1045 2653 et
1079 2608 1302 2650 infirmam
1340 2605 1570 2648 Commode
1603 2604 1784 2658 quidem

151 2681 316 2733 videre,
352 2694 440 2723 non
471 2684 621 2723 autem
649 2680 805 2723 audire
836 2681 1027 2733 possint.
1065 2680 1109 2721 Si
1143 2690 1249 2721 vero·
1273 2676 1580 2720 confessarius
1610 2677 1682 2719 est
1709 2686 1780 2717 sa-

149 2752 308 2795 cerdos
336 2752 571 2805 regularis,
605 2755 710 2794 tunc
740 2751 988 2794 Alexander
1018 2751 1092 2810 Vll
1124 2750 1282 2792 statuit
1316 2751 1457 2791 const.
1494 2766 1513 2785 «
1538 2746 1673 2789 Felici
1696 2763 1715 2784 »
1735 2743 1778 2783 4:

240 2893 247 2909 ¹
273 2892 314 2923 17
338 2891 420 2925 Oct.
446 2892 541 2923 1917.
568 2910 610 2913 *—
635 2892 647 2909 ²
672 2893 691 2923 1
723 2892 824 2928 sept.
856 2892 950 2923 1912.

240 2940 253 2956 ²*
279 2939 465 2969 Nicolium
488 2940 528 2970 in
556 2940 746 2971 Fleseulis
768 2939 807 2969 in
828 2939 1081 2970 v.·('}lflusura
1108 2946 1144 2969 n.
1173 2938 1223 2970 32.
1255 2972 1256 2975 Ἰ

241 2986 253 3004 ⁴
280 2988 320 3017 20
342 2988 424 3017 ‹cn—1⁷.
447 2986 543 3020 itm,
574 2987 591 3030 g
619 2987 649 3017 3.
