1971 3260
674 448 1131 514 BENEVOLO
1184 449 1545 516 LECTORI

407 813 482 854 En
516 824 639 865 opus
666 824 778 865 prae
811 814 1034 855 manibus
1057 813 1220 868 habes,
1255 813 1345 854 hae
1377 812 1642 854 intentione
1668 812 1923 868 digestum,

290 904 347 943 ut
378 901 606 943 iuvamen
639 900 809 943 afferat
845 902 998 944 bonae
1030 901 1221 944 illorum
1252 902 1511 956 voluntati,
1553 901 1634 955 qui
1667 901 1769 942 aliis
1802 901 1925 943 euris

293 991 509 1045 distenti,
543 1003 717 1033 vacare
759 996 1007 1045 nequeunt
1050 992 1290 1034 collationi
1329 992 1626 1033 diversorum
1669 1003 1923 1046 canonum,

291 1091 349 1120 ex
384 1081 561 1133 quibus
602 1081 701 1122 erui
746 1084 948 1134 possunt
982 1081 1242 1123 solutiones
1284 1080 1632 1123 difficultatum
1674 1091 1795 1134 quae
1838 1080 1924 1122 Co-

287 1170 444 1212 dieem
478 1170 759 1223 simpliciter
789 1171 967 1225 legenti
998 1172 1046 1212 in
1080 1173 1293 1213 mentem
1324 1171 1542 1223 veniunt.
1585 1171 1812 1225 Magnam
1835 1182 1922 1224 pu-

288 1261 449 1300 tamus
483 1260 550 1301 eis
583 1260 731 1301 etiam
752 1259 1018 1302 utilitatem
1051 1274 1109 1303 ex
1134 1261 1304 1302 eodem
1337 1261 1585 1314 orituram,
1620 1260 1702 1313 qui
1728 1262 1924 1314 tyrones

287 1348 335 1388 in
368 1360 427 1389 ss.
455 1360 696 1391 canonum
728 1349 908 1403 studjO,
932 1350 1051 1392 duee
1079 1350 1296 1404 indigent
1330 1350 1410 1403 qui
1434 1350 1636 1391 adnotet
1658 1349 1922 1391 necessaria

286 1448 371 1488 pro
424 1448 590 1478 eorum
631 1440 764 1479 reeta
805 1437 1139 1492 intelligentia,
1188 1438 1237 1479 in
1287 1450 1491 1491 quorum
1537 1438 1743 1492 gratiam
1794 1437 1920 1479 evol-

248 1528 251 1529 ’
288 1528 473 1566 vuntur
504 1525 735 1567 nonnulla
771 1538 892 1579 quae
926 1527 1081 1568 doctis
1112 1539 1239 1568 vana
1273 1527 1425 1568 videri
1457 1529 1685 1581 possunt3
1727 1527 1800 1568 his
1842 1527 1919 1569 de-

286 1625 434 1668 mum,
469 1615 584 1668 quin
618 1615 786 1657 dooere
809 1615 1029 1671 velimus,
1064 1616 1101 1657 si
1135 1617 1374 1670 quaedam
1396 1616 1618 1672 prodesse
1645 1616 1918 1669 videantur,

288 1703 388 1744 sine
420 1703 605 1745 invidia
639 1717 828 1758 quoque
862 1706 1285 1748 Communicamus.

400 1793 475 1834 De
499 1794 654 1846 operis
674 1797 909 1836 contextu
932 1794 1071 1836 facile
1088 1795 1392 1848 percipiendo
1416 1807 1572 1849 pauca
1587 1795 1705 1837 libet
1728 1795 1915 1837 addere.

285 1882 644 1926 Connexionem
668 1895 906 1926 canonum
927 1895 1195 1937 numquam
1222 1884 1645 1939 praetermisimus,
1668 1884 1764 1926 imo
1787 1884 1918 1926 sehe-

287 1973 422 2012 mata
453 1972 742 2014 inseruimus
783 1973 1041 2014 memoriae
1083 1973 1324 2015 iuvandae
1364 1985 1520 2015 eausa.
1566 1974 1769 2027 Insuper
1810 1984 1919 2015 oum

285 2071 505 2116 canones,
540 2061 629 2103 etsi
661 2062 917 2105 voluntate
947 2064 1230 2118 legislatoris
1261 2063 1471 2117 positiva
1504 2064 1787 2118 condantur,
1821 2075 1918 2105 non
1958 2110 1966 2119 l

286 2153 400 2190 sunt
433 2163 518 2203 pro
558 2151 701 2193 libitu
741 2152 849 2207 orti,
890 2154 973 2195 sed
1015 2153 1198 2207 legibus
1230 2153 1422 2195 divinae
1465 2165 1519 2195 ae
1551 2153 1760 2194 naturali
1796 2148 1916 2193 inni-

237 2235 239 2237 ’
287 2242 475 2294 tuntur,
509 2252 598 2282 nee
629 2219 899 2284 rationibus
940 2243 1086 2284 etiam
1127 2243 1188 2284 ab
1221 2243 1515 2296 experientia
1555 2243 1719 2296 petitis
1752 2253 1917 2284 eorum

284 2329 571 2371 existentiae
604 2331 952 2386 destituuntur,
988 2344 1106 2385 quas
1140 2344 1417 2387 eognoseere
1451 2333 1539 2373 erit
1573 2331 1806 2374 absdubio
1845 2331 1913 2372 in-

284 2419 541 2471 trospicere
577 2431 816 2461 canonum
847 2421 1073 2462 eximiam
1105 2422 1429 2476 prudentiam,
1466 2422 1593 2463 unde
1627 2422 1914 2474 promanent

282 2507 592 2562 existimatio,
617 2520 782 2550 eorum
821 2512 870 2551 et·
910 2522 1055 2552 amor.
1091 2511 1300 2564 Illasque
1330 2523 1427 2552 non
1467 2523 1526 2552 ex
1565 2510 1767 2564 privatis
1804 2509 1913 2551 doe-

284 2595 471 2637 toribus
503 2597 585 2637 sed
619 2609 678 2638 ex
701 2597 816 2639 iuris
848 2598 1064 2641 fontibus
1087 2600 1312 2642 duximus
1334 2600 1634 2654 repetendas,
1668 2599 1716 2640 in
1741 2598 1914 2652 quibus

286 2683 526 2726 Eoelesiae
549 2697 679 2727 more
702 2689 815 2728 sunt
838 2698 1101 2740 expressae.
1127 2688 1235 2730 Hoc
1257 2689 1487 2742 primum3
1521 2688 1753 2733 secundas
1777 2697 1913 2728 ouras

287 2771 600 2815 adhibuimus
647 2776 984 2828 perpendendo
1034 2774 1394 2831 congruentiam
1441 2789 1495 2819 ae
1543 2775 1912 2830 discrepantiam

284 2857 468 2899 Codicis
517 2872 626 2903 eum
674 2863 1027 2915 praeexistente
1073 2864 1189 2919 iure,
1233 2866 1362 2919 quod
1402 2866 1583 2920 egimus
1615 2865 1795 2918 duplici
1827 2876 1908 2918 po-
