1971 3260
647 145 778 180 Index
803 149 1005 179 canonum
1029 148 1071 179 et
1098 144 1378 179 commentarii

194 327 384 361 Potestas

197 386 474 431 obligationes
499 385 574 420 sub
600 385 850 420 conditione.

195 445 379 480 Licentia
403 444 629 480 necessaria
653 472 660 479 .

196 504 300 539 Cura
324 509 366 540 et
391 504 603 550 vigilantia
653 531 661 538 .

195 565 384 599 Remotio
408 563 576 598 rectoris
618 564 819 598 Ecclesiae
840 591 846 597 .

735 732 903 771 PARS
946 731 1278 773 SECUNDA.

809 837 882 881 De
920 834 1213 891 Religiosis-
1279 814 1282 816 v

191 965 356 1000 Canone
383 967 537 1000 487-491
557 992 564 998 .

192 1025 362 1060 Schema
388 1015 554 1059 canonis
581 1027 650 1058 48²8

191 1085 409 1130 Inscriptio
435 1084 564 1129 partis
590 1085 790 1119 secundae
844 1113 850 1118 .

192 1147 332 1181 Status
357 1145 566 1190 religiosus

190 1206 419 1242 Verborum
445 1207 689 1252 significatio
750 1234 756 1240 .

192 1267 370 1312 Regulae
396 1271 437 1301 et·
464 1266 778 1302 constitut-iones
804 1270 899 1300 ante
928 1266 1114 1300 Codicezn

130 1329 136 1334 ‘
193 1326 442 1371 Significatio
468 1327 622 1371 generis
650 1325 943 1360 vocabulorum

193 1385 263 1420 Ius
288 1385 595 1430 praecedentiae
655 1412 662 1419 .

192 1444 350 1479 Divisio
376 1445 495 1479 huius
521 1444 650 1489 partis
676 1445 714 1478 in
742 1444 884 1478 titulos
939 1471 946 1477 .

848 1574 1079 1608 TITULUS
1107 1573 1181 1608 IX.

546 1670 602 1704 De
630 1670 837 1704 erectione
865 1671 903 1703 et
931 1669 1230 1710 suppressione
1261 1668 1482 1711 religionis,

792 1728 1038 1771 provinciae,
1066 1728 1234 1764 domus.

192 1823 377 1858 Canones
403 1824 561 1858 492-498

193 1882 408 1927 Inscriptio
425 1883 537 1917 tituli
553 1886 595 1917 et
613 1883 711 1917 ordo
728 1893 942 1916 canonum.
962 1903 973 1908 -
989 1881 1150 1916 Erectio
1165 1893 1294 1915 novae
1309 1880 1513 1925 religionis

195 1941 430 1986 Suppressio
456 1941 661 1986 religionis

193 2001 440 2036 Distributio
466 2001 668 2046 religionis
691 2000 735 2034 in
760 2000 991 2044 provincias
1033 2027 1040 2033 .

194 2061 355 2095 Erectio
380 2062 525 2096 domus
551 2060 883 2105 Congregationis
910 2059 1008 2093 iuris
1032 2059 1261 2094 dioecesani
1320 2086 1327 2093 .

194 2120 355 2154 Erectio
381 2122 527 2155 domus
551 2119 761 2165 religiosae

194 2179 379 2215 Licentia
402 2179 660 2224 requirenda.

195 2240 430 2284 Suppressio
456 2240 602 2275 domus
626 2239 836 2283 religiosae

857 2358 1089 2392 TITULUS
1117 2359 1168 2392 X.

731 2441 787 2475 De
817 2439 1062 2482 religionum
1094 2441 1307 2483 regimine.

526 2523 667 2558 CAPUT
695 2523 727 2557 Ι.
755 2544 803 2549 —-
828 2524 882 2558 De
906 2523 1152 2564 Superioribus
1180 2524 1215 2558 et
1242 2523 1284 2557 de
1308 2523 1494 2563 Capitulis.

194 2617 377 2652 Canones
402 2619 487 2652 499-
491 2619 559 2652 507
1415 2643 1422 2650 .

197 2676 384 2710 Schema:
411 2675 543 2720 Caput-
569 2675 602 2709 I.
630 2676 690 2709 De
718 2644 999 2720 Superioribus
1023 2680 1064 2709 et
1090 2644 1141 2710 de
1167 2643 1365 2719 Capitulis
1412 2701 1419 2708 .

196 2733 485 2785 Inscriptiones
510 2733 621 2768 tituli
646 2738 688 2767 et
715 2734 859 2777 capitis

195 2792 406 2826 Canonum
424 2793 684 2827 com-dinatio,
704 2813 751 2817 ——
769 2793 1000 2836 Superiores
1017 2803 1067 2826 ex
1086 2796 1290 2836 potestate
1310 2802 1514 2835 suprema.

198 2849 401 2884 Subiectio
427 2860 522 2895 erga
544 2851 725 2885 locorum
754 2849 989 2885 Ordinarios
1037 2876 1044 2884 .

197 2909 385 2942 Potestas
412 2908 670 2952 Superiorum
694 2912 733 2942 et
762 2907 1042 2952 Capitulorum

198 2966 436 3010 Amplitudo
463 2967 682 3010 potestat-is

1585 262 1671 290 CAN.

1594 325 1663 358 482

1586 385 1667 419 ‘483

1599 446 1668 478 484

1599 505 1667 537 485

1598 563 1668 595 486

1598 1146 1664 1178 487

1597 1206 1666 1239 488

1596 1265 1664 1297 489

1596 1324 1665 1358 490

1597 1384 1661 1416 491

1592 1881 1663 1914 492

1594 1940 1664 1973 493

1596 2001 1664 2033 494

1596 2059 1664 2092 495

1596 2119 1665 2151 496

1598 2179 1666 2211 497

1597 2238 1665 2270 498

1596 2792 1664 2825 499

1598 2851 1668 2884 500

1601 2909 1667 2941 501

1600 2966 1670 2999 502

1746 262 1832 290 PAG.

1762 325 1808 357 52
1816 325 1832 357 l

1766 385 1832 417 521
1853 397 1857 399 -

1766 444 1835 477 522
1847 464 1851 465 ⁷

1765 503 1835 548 5⁴22

1766 563 1836 596 522

1764 965 1833 998 523

1764 1025 1834 1058 524

1765 1085 1834 1117 524

1765 1145 1834 1177 525

1763 1205 1834 1238 528

1762 1263 1829 1297 531

1762 1323 1831 1358 533

1761 1382 1832 1415 533

1762 1442 1832 1475 534

1764 1821 1834 1855 535

1761 1880 1832 1914 536

1761 1939 1831 1972 538

1761 1998 1831 2032 538

1761 2057 1831 2091 539

1762 2117 1831 2150 539

1764 2177 1836 2210 540

1719 2236 1833 2269 4543

1760 2614 1831 2649 543

1761 2674 1831 2706 544

1761 2733 1832 2766 545

1762 2792 1833 2824 546

1764 2850 1834 2883 547

1766 2909 1837 2941 548

1767 2967 1837 3000 549
