1971 3260
139 95 209 128 308
707 92 796 124 LIB.
824 91 882 125 ΙΙ.
912 112 922 116 -
951 91 1009 124 De
1034 90 1212 134 personis

145 220 278 260 cante
307 229 406 259 can.
435 217 518 258 307
549 216 656 270 quid
680 216 749 259 eis
776 228 865 258 non
890 216 1009 267 licet,
1043 228 1096 258 ac
1126 215 1348 258 referente
1377 226 1478 258 can.
1512 215 1596 258 308
1619 207 1775 258 eorum

147 290 247 331 iura
270 288 532 337 honorifica,
561 290 604 330 et
628 287 785 330 ultimo
808 287 862 329 de
886 287 1200 340 prosecutione
1225 286 1471 339 regiminis,
1500 286 1607 328 dum
1632 285 1676 328 S.
1707 286 1781 329 Se-

143 359 217 401 dis
242 361 512 411 expectatur
546 358 760 411 provisio,
796 357 1056 400 sollicitudo
1094 357 1368 410 legislatoris
1403 356 1560 410 patefit
1591 357 1637 399 in
1671 369 1772 400 cain.

148 429 230 472 309
260 441 399 482 usque
429 429 486 471 ad
510 429 717 471 ultimum
747 429 847 470 311.

226 500 325 542 307.
346 495 566 540 Evolutio
585 495 994 539 Praefecturarum
1005 494 1050 538 et
1058 494 1237 546 genesis
1249 493 1575 538 Vicariatuum
1585 493 1780 545 Aposto-

141 566 357 612 licorum.
396 593 454 597 —
487 571 619 613 Initio
642 572 712 614 sui
739 572 780 614 S.
808 571 969 623 Congr.
1000 571 1053 613 de
1079 571 1210 623 Prop.
1240 570 1346 614 Fide
1367 561 1453 612 non
1473 569 1630 611 habuit
1650 569 1777 611 terri-

145 643 310 685 torium
343 643 712 695 sibipropi‘ium,
748 642 828 684 sed
861 642 1175 684 missionarios
1208 641 1363 695 plures
1394 641 1603 685 mittebat
1640 653 1778 695 quan-

146 713 290 767 doque
315 714 360 755 in
386 714 632 761 dioeceses,
668 726 782 767 quae
813 714 1087 766 Episcopum
1116 713 1357 763 habehant,
1389 713 1777 766 eisdemquemis—

144 785 358 827 sionariis
389 785 682 838 praeficiebat
713 797 850 826 unum
879 797 1050 834 eorum,
1087 796 1188 827 cum
1216 783 1514 827 facultatibus
1545 786 1680 837 atque
1711 783 1777 826 iu-

145 856 406 899 risdictione
429 856 657 909 personali
685 868 790 908 erga
814 858 987 898 ceteros
1010 855 1338 898 missionarios.
1370 855 1423 897 Et
1442 855 1509 897 sic
1531 854 1682 898 extitit
1706 866 1780 897 res

146 938 285 980 usque
315 927 372 969 ad
400 926 645 969 secundam
675 926 843 969 saeculi
873 936 949 967 xlx
978 926 1266 968 medietatem
1296 926 1417 968 circa
1448 938 1616 968 annum
1647 926 1774 968 1868.

148 999 421 1041 Missionarii
445 1001 595 1041 autem
618 999 663 1039 in
687 1010 769 1040 usu
794 1001 1079 1050 receptarum
1103 997 1375 1040 facultatum
1398 998 1657 1050 pendebant
1680 1010 1707 1041 a
1731 998 1781 1039 li-

144 1070 295 1112 centia
322 1070 663 1123 Episcoporum.
691 1097 707 1102 -
736 1069 898 1112 Postea
919 1069 1045 1111 missi
1070 1071 1174 1112 sunt
1198 1069 1421 1122 evangelii
1449 1081 1698 1122 praecones
1720 1069 1780 1112 ad

146 1142 375 1184 territoria
397 1142 534 1183 etiam
558 1140 667 1182 nulli
694 1137 918 1193 Episcopo
942 1140 1160 1190 subiecta,
1192 1140 1392 1193 factique
1418 1140 1601 1183 fuerunt
1626 1152 1780 1183 eorum

149 1213 412 1266 Superiores
439 1213 666 1255 Ordinarii
696 1224 796 1254 cum
823 1212 1133 1254 iuris-(ilictione
1162 1212 1442 1261 territoriali,
1474 1214 1523 1255 ut
1544 1224 1623 1255 eos
1648 1215 1779 1255 vocat

148 1283 306 1337 Congr.
346 1284 387 1325 S.
421 1283 586 1333 Officii,
619 1286 753 1336 atque
786 1286 891 1326 tunc
917 1283 998 1326 alii
1028 1295 1131 1325 cum
1159 1283 1258 1326 sola
1283 1283 1593 1326 iurisdictione
1625 1295 1778 1336 perso-

146 1354 237 1396 nali
265 1354 448 1396 fuerunt
471 1354 691 1407 appellati
719 1353 983 1405 Superiores
1010 1352 1291 1403 missionum,
1323 1354 1442 1407 quod
1463 1366 1581 1397 nunc
1605 1354 1779 1397 obtinet

147 1427 192 1467 in
215 1425 412 1475 Oriente‚'
438 1425 543 1467 dum
567 1426 774 1478 respectu
801 1425 843 1467 S.
872 1426 1031 1478 Congr.
1058 1425 1114 1468 de
1140 1426 1271 1478 Prop.
1302 1425 1409 1468 Fide
1434 1426 1616 1468 unicum
1640 1426 1782 1469 restat

144 1497 399 1550 exemplum
430 1497 473 1538 in
507 1496 700 1539 dioecesi
736 1496 920 1539 Rethiae
950 1495 1268 1538 Helvetiorum.
1306 1523 1321 1528 -
1355 1496 1448 1538 Hoc
1482 1509 1584 1539 vero
1617 1508 1779 1539 nomen

147 1567 402 1619 Superioris
431 1567 696 1608 miss-ionum
724 1568 937 1609 tribuitur
965 1579 1140 1620 quoque
1169 1567 1289 1610 velut
1315 1568 1675 1610 extraordinarie
1702 1580 1782 1610 seu

145 1640 191 1681 in
216 1640 593 1692 supplementum,
627 1639 806 1692 quando
834 1639 1000 1681 adsunt
1027 1650 1193 1681 causae
1221 1642 1406 1692 propter
1433 1651 1545 1692 quas
1574 1639 1781 1682 differtur

146 1710 394 1753 nominatio
433 1710 596 1752 Vicarii
633 1722 712 1752 seu
746 1709 969 1752 Praefecti
1008 1709 1166 1762 Aplici.
1210 1709 1403 1752 forsitan
1451 1710 1506 1753 ob
1553 1709 1779 1752 defectum

145 1780 336 1823 subiecti
368 1780 555 1833 capacis
588 1780 633 1821 in
660 1792 730 1831 eo,
768 1782 906 1833 atque
938 1792 1054 1822 unus
1088 1780 1478 1823 missionariorum
1515 1779 1780 1833 praeficitur

146 1852 391 1894 Vicariatui
425 1854 503 1894 aut
539 1851 857 1894 praefecturae
888 1852 1064 1904 aploae.
1104 1864 1205 1893 cum
1238 1851 1314 1894 illo
1347 1851 1540 1903 nomine,
1573 1851 1779 1905 quamvis

146 1922 381 1975 praeditus
416 1922 726 1965 iurisdictione
768 1922 1046 1965 territoriali.

235 1992 297 2034 Ad
324 1992 525 2034 vic-arios
551 1992 722 2045 aplcos.
754 1993 872 2045 quod
892 1995 1086 2045 spectat,
1117 1993 1161 2034 hi
1185 1992 1274 2035 iam
1301 1993 1357 2035 al]
1380 1993 1507 2035 initio
1528 1992 1655 2035 missi
1681 1992 1777 2035 fue—

148 2066 250 2106 runt
290 2063 347 2105 ad
388 2064 485 2106 loca
521 2065 651 2106 extra
693 2063 938 2116 quamlibet
973 2064 1217 2107 dioecesim
1256 2063 1360 2113 sita,
1397 2063 1534 2106 veluti
1562 2055 1780 2116 gerentes

149 2134 336 2175 Romani
375 2133 605 2176 Pontificis
634 2134 768 2181 vices,
807 2134 938 2176 cuius
964 2138 1031 2177 est
1061 2134 1337 2177 territorium
1373 2134 1609 2176 universus
1637 2132 1779 2193 orbis,

145 2207 190 2246 et
227 2204 440 2247 illiusmet
471 2204 768 2248 facultatibus
806 2206 927 2247 aucti
966 2205 1010 2246 in
1044 2205 1202 2248 eodem
1238 2205 1465 2263 territorio
1496 2204 1772 2254 exercendis,

149 2274 221 2316 uhi
255 2273 466 2316 fortassis
495 2275 630 2326 pauci
666 2274 793 2318 valde
825 2274 1080 2317 adfuissent
1114 2274 1340 2317 catholici.

236 2344 360 2386 Nunc
401 2356 502 2386 vero
538 2345 753 2401 temporis
787 2345 1018 2387 distinctio
1058 2345 1245 2398 propria
1282 2343 1621 2387 Praefecturam
1662 2343 1779 2387 inter

148 2417 190 2457 et
209 2415 485 2457 Vic-ariatum
504 2415 704 2467 Aplcum.
729 2418 798 2458 est
823 2415 1025 2459 diversus
1048 2415 1218 2468 gradus
1240 2415 1298 2458 ad
1321 2414 1540 2458 dioecesis
1564 2414 1781 2457 constitu—

144 2486 327 2536 tionem,
354 2487 418 2529 ita
442 2490 486 2528 ut
512 2487 639 2544 initio
663 2486 857 2529 alicuius
878 2498 1020 2529 novae
1044 2486 1272 2529 missionis
1292 2486 1494 2538 erigatur
1520 2483 1778 2528 Praefectu—

148 2570 199 2600 ra
227 2558 347 2600 velut
374 2558 547 2610 primus
575 2558 757 2610 gradus,
792 2559 864 2600 0111
893 2558 1094 2600 succedit
1123 2557 1375 2600 Vicariatus
1404 2557 1571 2599 erectio
1601 2555 1781 2610 quando

148 2629 462 2682 progrediente
496 2632 695 2682 tempore
730 2641 801 2671 res
834 2630 877 2671 in
911 2630 1070 2672 melius
1103 2632 1207 2672 sunt
1240 2629 1513 2671 constitutae
1547 2640 1596 2671 ec
1628 2639 1781 2670 nume-

148 2712 227 2742 rus
265 2700 614 2743 christi-anorum
654 2700 913 2743 notabiliter
953 2704 1127 2750 auctus,
1173 2700 1313 2742 donec
1351 2699 1664 2742 ecclesiastica
1703 2697 1782 2741 ad-

149 2772 423 2814 ministratio
466 2772 529 2814 ita
569 2772 733 2814 evadat
774 2772 1000 2821 ordinata,
1046 2775 1093 2814 ut
1133 2771 1277 2824 possit
1318 2771 1361 2812 in
1401 2783 1457 2813 ea
1498 2770 1668 2813 servari
1710 2770 1780 2813 ius

151 2842 422 2885 dioecesium
459 2855 707 2893 commune,
750 2846 884 2896 atque
920 2846 1026 2885 tunc
1061 2843 1250 2896 erigitur
1286 2842 1331 2883 in
1368 2842 1624 2884 dioecesim.
