1971 3260
147 193 239 230 Gan.
264 192 333 227 630
493 232 495 235 .
697 190 808 223 PARS
835 188 890 222 II.
921 209 932 214 -
960 188 1018 222 De
1044 187 1234 231 reliqiosis
1713 185 1779 219 701

160 329 266 359 num
297 310 569 369 (paroeciae)
599 313 923 366 intelligantur.
957 312 1155 365 Namque
1184 312 1414 364 receptum
1440 313 1507 353 est
1537 309 1621 352 hac
1649 310 1695 351 in
1721 321 1785 358 re,

159 386 355 440 spectari
383 386 581 438 *primum
612 386 822 436 oportere
856 382 966 436 qui-d
1002 382 1191 435 largitor
1219 381 1431 431 volueritss,
1471 381 1589 434 quod
1621 381 1661 422 si
1699 393 1788 423 non

162 458 400 510 appareat,
436 455 614 509 placuit
651 453 849 507 parocho
887 453 955 496 vel
991 453 1155 495 rectori
1194 452 1422 495 Ecclesiae
1461 451 1674 493 collatam
1712 449 1788 492 do-

159 528 387 570 nationem
408 524 653 579 praesumi.
678 526 730 567 At
749 523 939 566 multum
958 524 1018 566 ab
1040 523 1125 565 hac
1142 522 1299 575 regula
1318 534 1544 565 recessum
1567 523 1635 563 est
1654 531 1788 574 prop-

158 600 227 642 ter
274 597 718 646 consuetudinem...
766 595 898 637 cuius
945 595 987 636 vi
1030 594 1162 637 hodie
1207 605 1320 646 pene
1367 594 1492 636 solae
1537 592 1789 635 oblationes
1849 654 1852 655 ⁷

164 682 278 723 quae
304 670 350 716 in
376 668 579 712 Ecclesia
600 668 684 711 sub
708 667 858 710 missis
884 666 943 709 ad
964 666 1108 709 altare
1132 665 1244 708 fiunt
1263 668 1309 707 et
1334 676 1448 718 quae
1471 676 1552 717 pro
1577 663 1790 706 adminis-

160 742 355 784 tratione
395 744 796 788 sacramentorum,
841 750 922 790 pro
956 736 1274 780 benedicendis
1315 736 1488 788 nuptiis
1522 738 1600 777 aut
1632 734 1789 777 mulie-

164 813 288 855 ribus
316 815 419 865 post
447 812 644 864 partum,
679 822 760 863 pro
791 809 994 862 exequiis
1022 811 1066 850 et
1095 807 1356 860 sepulturis,
1392 810 1470 849 aut
1502 806 1605 848 aliis
1634 805 1790 847 simili—

163 884 256 933 busv
274 882 583 925 functionibus
610 881 868 934 specialiter
897 880 1161 929 offeruntur,
1197 879 1255 921 ad
1283 877 1531 932 parochum
1561 878 1790 930 spectant;

164 953 490 996 consuetudine
523 953 721 1006 reliquas
755 952 894 994 ferme
927 940 1083 994 omnes
1113 950 1319 993 ecclesiis
1353 950 1465 1002 ipsis
1500 952 1578 991 aut
1613 947 1795 990 sacellis

164 1029 244 1067 aut
276 1025 380 1068 aliis
410 1025 547 1067 certis
577 1024 741 1066 finibus
772 1023 1058 1076 applicantes
1091 1040 1128 1064 ».

254 1096 308 1138 Et
336 1095 459 1138 infra
487 1096 706 1148 scriptum
734 1095 826 1137 est:
863 1112 883 1131 «
918 1094 1048 1147 Legis
1076 1105 1210 1146 porro
1238 1105 1337 1136 sese
1368 1093 1659 1145 interponens
1688 1102 1793 1133 auc-

162 1168 340 1217 toritas,
373 1169 410 1215 51
438 1168 728 1220 largitionum
754 1169 957 1219 tempora
983 1170 1028 1208 et
1055 1178 1221 1208 causas
1246 1165 1536 1218 praestituat,
1567 1163 1680 1206 illud
1707 1163 1794 1206 effi-

165 1239 226 1281 cit
253 1250 442 1292 quoque,
474 1250 528 1280 ne
554 1237 709 1280 fideles
735 1249 911 1290 semper
937 1249 1018 1290 pro
1047 1237 1235 1279 arbitrio
1263 1236 1436 1289 possint
1465 1235 1648 1278 modum
1673 1237 1719 1277 et
1746 1233 1795 1275 fi-

165 1322 267 1352 nem
301 1310 538 1362 designare
572 1309 617 1350 in
652 1320 781 1361 quem
813 1308 1014 1350 oblatam
1048 1308 1211 1360 stipem
1244 1307 1420 1359 erogari
1456 1308 1686 1359 oporteat,
1721 1317 1796 1348 ne-

166 1381 263 1437 quit
286 1381 406 1422 enim
432 1379 582 1422 facere
607 1380 887 1432 privatorum
914 1379 1137 1427 voluntas,
1170 1381 1218 1420 ut
1245 1378 1363 1431 quod
1391 1391 1418 1420 a
1445 1378 1647 1437 legitima
1672 1379 1796 1430 pote-

166 1456 284 1496 state
307 1454 353 1494 in
376 1454 540 1496 bonum
565 1465 797 1495 commune
821 1453 1102 1505 praecipitur
1125 1454 1247 1495 certo
1270 1452 1544 1494 destituatur
1569 1451 1731 1494 effectu
1755 1469 1791 1492 ».

168 1572 172 1577 .
248 1523 267 1575 ξ
298 1525 337 1565 4.
372 1524 467 1565 Non
497 1524 702 1564 obstante
734 1526 836 1564 voto
865 1523 1168 1574 paupertate,
1202 1522 1322 1576 quod
1351 1525 1474 1565 vetat
1505 1522 1691 1565 dominii
1723 1534 1795 1564 ac-

167 1598 242 1637 tus
271 1595 433 1637 saltem
469 1606 495 1636 a
530 1595 820 1647 Superiorum
856 1606 1075 1636 consensu
1111 1594 1477 1647 independentes,
1518 1593 1662 1642 eidem
1695 1593 1797 1636 reli-

164 1665 293 1718 gioso
323 1664 377 1707 de
408 1677 494 1717 quo
525 1665 570 1706 in
599 1652 700 1707 can.
736 1665 839 1706 licet
870 1666 1044 1708 ratione
1076 1665 1209 1707 officii
1241 1665 1528 1718 paroecialis,
1567 1666 1673 1718 quin
1705 1665 1798 1707 alia

155 1735 370 1788 indigeat
401 1735 598 1785 licentia,
635 1735 944 1788 eleemosynae
976 1742 1019 1786 a)
1054 1736 1100 1777 1η
1131 1736 1295 1777 bonum
1324 1736 1718 1788 paroecianorum,
1751 1732 1794 1787 b)

119 1843 122 1847 f
169 1805 238 1846 vel
264 1816 345 1857 pro
373 1806 538 1847 scholis
568 1806 803 1847 catholicis
831 1803 870 1856 c)
903 1811 981 1849 aut
1009 1807 1118 1847 Iocis
1146 1807 1234 1859 piis
1262 1807 1501 1859 paroeciae
1530 1808 1600 1850 1115
1627 1811 1669 1850 et
1697 1807 1800 1850 istis

170 1876 439 1925 coniunctis,
469 1876 504 1917 Ιο
531 1877 687 1928 quovis
714 1878 845 1917 modo
872 1877 994 1920 licito
1022 1877 1102 1920 sed
1126 1878 1342 1921 dantibus
1366 1878 1575 1922 beneviso
1603 1875 1646 1932 a)
1677 1879 1800 1920 obla-

174 1948 244 1987 tas
288 1947 492 1998 accipere
535 1943 579 1999 b)
627 1949 705 1988 aut
751 1947 967 1990 «modo»
1015 1949 1099 1991 sibi
1144 1949 1314 2001 placito
1361 1949 1570 2002 colliqere
1612 1961 1798 1992 movens

169 2015 288 2058 alios
315 2017 372 2059 ad
396 2029 478 2060 eas
499 2017 693 2068 dandas,
725 2019 784 2060 ΙΙΟ
810 2021 852 2059 et
879 2022 1091 2070 acceptas
1119 2020 1210 2060 sive
1238 2020 1451 2061 collectas
1480 2023 1527 2063 ut
1553 2033 1695 2074 supra
1723 2021 1800 2062 ad-

172 2086 430 2129 ministrare
475 2089 623 2141 quoad
666 2090 1068 2139 conservationem,
1116 2091 1460 2134 collocationem
1504 2095 1682 2135 servato
1727 2104 1800 2134 ca-

170 2171 274 2201 non.
320 2159 420 2209 533,
473 2155 490 2206 ἕ
539 2160 577 2211 1,
624 2161 680 2210 4⁰,
727 2163 772 2203 et
816 2160 835 2212 ξ
880 2162 920 2207 2,
961 2161 1217 2204 reddituum
1259 2154 1555 2212 exactionem,
1603 2162 1798 2215 itemque

174 2228 256 2271 ΙΙΙΟ
293 2233 473 2272 servata
510 2231 794 2283 offerentium
832 2233 1060 2273 voluntate
1100 2243 1181 2284 pro
1220 2234 1432 2285 prudenti
1470 2245 1551 2275 suo
1592 2233 1795 2279 arbitrio,

173 2300 220 2342 in
253 2301 578 2344 determinatas
610 2314 844 2355 personas,
883 2304 951 2346 vel
986 2303 1200 2353 scholam,
1242 2305 1308 2347 vel
1344 2304 1490 2348 locum
1526 2306 1667 2358 pium,
1708 2317 1801 2346 ero-

159 2380 296 2422 yare,
324 2383 438 2424 quae
463 2371 640 2415 liceitas
662 2373 880 2425 explicari
904 2376 1050 2426 potest
1074 2375 1130 2416 ob
1153 2375 1343 2417 tacitum
1367 2375 1435 2417 vel
1459 2379 1801 2429 praesumptum

174 2440 431 2493 Superioris
461 2454 741 2493 consensum,
780 2444 961 2496 quando
992 2444 1049 2486 ad
1081 2445 1179 2487 eius
1209 2435 1621 2498 praesentationem
1654 2458 1801 2489 susce-

172 2510 242 2562 pit
264 2512 519 2563 paroeciale
543 2525 720 2563 munus,
749 2514 875 2555 salva
900 2526 1076 2567 semper
1102 2515 1335 2568 viqtlantz‘a
1359 2517 1430 2558 sui
1453 2517 1725 2568 Superiori&
1754 2519 1803 2559 ut

175 2583 303 2624 extra
329 2582 595 2635 praedictos,
613 2584 779 2627 limites
804 2586 1031 2637 parochus
1057 2590 1135 2629 aut
1162 2588 1361 2631 vicarius
1387 2601 1475 2631 non
1500 2592 1726 2639 excurrat,
1757 2591 1804 2632 et

174 2651 325 2694 adhuc
354 2653 594 2708 diversitas
624 2667 816 2708 sequens
844 2657 1069 2699 notanda:
1105 2656 1183 2698 ssed
1214 2658 1521 2711 eleemosynas
1552 2670 1633 2710 pro
1664 2661 1802 2700 eccle-

178 2721 249 2762 sia
288 2723 536 2773 paroeciali
572 2721 618 2774 a)
662 2711 945 2777 aedificanda
986 2724 1029 2779 b)
1074 2730 1398 2778 conservanda,
1443 2742 1496 2772 ne
1539 2731 1583 2771 in
1625 2731 1802 2773 ruinam

178 2793 346 2843 vergat,
375 2788 415 2843 c)
443 2792 742 2836 instauranda
766 2796 944 2848 quan-do
971 2798 1336 2850 reparationibus
1361 2799 1575 2852 indigeat.
1605 2796 1649 2850 d)
1678 2812 1803 2841 ebror-

178 2860 331 2901 mmda
360 2863 704 2915 quomodolibet,
739 2866 775 2906 Ι0
805 2866 1026 2918 accipere,
1061 2868 1119 2909 ΙΙΟ
1149 2870 1271 2920 apud
1299 2880 1361 2915 se,
1392 2871 1590 2912 scilicet:
1625 2872 1696 2913 cui
1724 2872 1803 2913 tri-

180 2929 372 2972 buentur
403 2931 539 2982 infra,
575 2935 782 2984 retinere,
820 2936 901 2977 ΙΙΙ0
933 2938 1141 2990 colligere
1176 2940 1239 2981 uti
1272 2940 1355 2982 hoc
1387 2942 1568 2983 verbum
1601 2942 1803 2984 declara-

180 3001 276 3041 tum
313 3004 379 3043 est
416 3005 566 3052 antea,
610 3004 679 3044 IV⁰
717 3008 794 3046 aut
833 3007 1150 3049 administrare
1189 3010 1383 3060 pertinet
1421 3012 1479 3052 acl
1518 3011 1798 3063 Superiores,
1829 3055 1833 3059 ,
