1971 3260
174 42 246 76 358
742 40 832 73 LIB.
864 39 917 73 II.
947 59 956 63 -
984 38 1045 72 De
1070 39 1247 82 personis
1390 48 1396 53 ·
1629 37 1715 73 Can.
1739 37 1811 73 338
1872 78 1875 83 ¹

180 167 236 210 lis
252 166 524 209 residentiae
547 164 685 207 fuerit.
699 165 895 207 adnexa.
918 190 933 195 -
953 164 1015 206 De
1033 164 1191 207 officiis
1209 175 1310 206 vero
1329 163 1503 206 curatis
1522 163 1586 205 ita
1607 162 1653 205 in
1673 161 1807 205 Cone.

182 233 334 278 Tri-d.1
370 236 556 289 legitur:
585 253 604 273 «
629 234 737 276 Cum
762 235 1008 287 praecepto
1030 234 1184 277 divino
1208 233 1474 276 mandatum
1498 234 1558 276 sit
1582 233 1806 277 omnibu-s,

179 309 342 361 quibus
370 308 624 350 animai-uni
655 318 761 350 cura
792 306 1031 350 commisso
1059 307 1144 355 est,
1173 317 1279 348 oves
1303 317 1411 348 suas
1440 315 1699 358 agnoscere,
1727 315 1810 357 pro

178 378 248 421 liis
287 378 561 420 sacrificium
600 377 777 427 offerre,
824 378 1034 430 verbique
1076 377 1216 419 divini
1257 376 1614 430 praedicatione,
1658 387 1811 420 sacrar

173 453 424 492 mentorum
454 449 861 492 administratione.
895 461 947 491 ac
976 449 1195 491 bonorum
1223 448 1422 490 omnium
1450 459 1637 500 operum
1664 459 1810 490 exem-

179 521 254 574 plo
291 533 494 574 pascere,
536 533 789 573 pauperum
829 520 1110 573 aliarumque
1149 519 1476 562 miserabilium
1515 505 1811 578 personarum

179 604 334 635 curam
367 595 603 645 paternam
634 604 801 645 gerere.
836 596 878 634 et
913 592 958 633 in
990 593 1139 634 cetera
1171 591 1325 633 munia
1359 590 1610 643 pastoralia
1643 591 1812 633 111611111-

181 665 304 715 bere;
341 676 455 718 quae
489 665 641 707 omnia
672 674 959 717 nequaquam
995 664 1050 706 ab
1083 663 1140 705 iis
1170 663 1396 716 praest-ari
1428 662 1683 715 etimple-ri
1711 674 1813 715 pos-

182 738 300 786 sunt,
344 736 419 789 qui
454 736 575 788 gregi
612 748 696 778 suo
733 748 819 777 non
858 735 1091 788 invigilant
1129 746 1272 787 neque
1311 735 1545 778 assistunt.
1586 733 1669 776 sed
1703 745 1817 775 mer—

179 807 463 849 cenariorum
502 819 624 849 more
664 807 873 849 deserunt
899 824 935 847 ».
980 806 1041 848 Ab
1082 806 1287 848 Ecclesia,
1325 817 1429 848 vero
1470 804 1546 847 illa
1586 803 1813 847 residendi

180 878 396 931 obligatio
440 878 524 920 fuit
569 878 867 920 determinata
913 877 969 919 ad
1013 889 1163 919 veram
1204 880 1246 920 et
1291 876 1575 929 personalem
1616 875 1814 918 residen-

179 950 310 999 tiam,
356 950 580 1003 quatenus
618 950 729 991 haec
771 962 859 990 11011
899 952 1018 991 esset,
1058 948 1102 989 in
1143 949 1238 990 iure
1281 947 1432 989 divino
1473 946 1812 1000 comprehensa,

179 1021 374 1073 itemque
407 1021 527 1062 circa
562 1023 741 1073 tempus
772 1020 976 1072 aliasque
1011 1020 1155 1072 ipsius
1188 1018 1572 1061 circumstantias.

260 1092 360 1134 362.
401 1087 670 1132 Residentia
703 1087 1057 1138 Episcoporum.
1091 1115 1150 1118 ——
1181 1090 1336 1141 Quoad
1367 1089 1679 1132 residentiales
1712 1089 1815 1141 Epi-

182 1175 344 1217 scopos
373 1163 581 1216 Synodus
605 1163 724 1205 Trid.
755 1161 810 1215 (c.
844 1163 883 1215 7,
906 1174 1019 1205 sess.
1047 1162 1099 1204 vl
1126 1162 1181 1205 de
1210 1158 1327 1212 Res.)
1358 1164 1525 1212 monet,
1557 1179 1576 1199 «
1601 1164 1648 1204 ut
1672 1163 1815 1203 atten-

178 1234 335 1277 dentes
356 1234 456 1285 31111,
484 1238 523 1276 61
549 1234 757 1276 universo
779 1234 918 1286 gregi.
945 1234 990 1275 in
1013 1246 1099 1286 quo
1121 1233 1322 1285 Spiritus
1345 1233 1538 1275 Sanctus
1562 1232 1712 1284 posuit
1735 1243 1814 1274 eos

184 1318 334 1360 regere
370 1307 618 1349 Ecclesiam
653 1306 745 1350 Dei.
784 1319 918 1359 quain
950 1306 1191 1359 acquisivit
1227 1305 1445 1358 sanguine
1478 1317 1576 1353 suo-
1614 1303 1812 1357 vigilent,

184 1379 299 1421 sicut
330 1378 570 1432 Apostolus
600 1378 839 1431 praecipit.
876 1379 920 1419 in
950 1378 1158 1420 omnibus
1189 1377 1410 1420 laborent,
1445 1379 1486 1418 et
1517 1376 1817 1418 ministerium

179 1462 309 1491 suum
333 1449 547 1502 impleant
568 1461 575 1490 :
604 1449 788 1500 implere
812 1448 1094 1516 autein'illud
1117 1460 1163 1490 se
1184 1459 1471 1500 nequaquam
1493 1458 1625 1499 posse
1647 1446 1809 1492 sciant,

177 1522 216 1563 si
246 1533 403 1574 greges
433 1521 518 1563 sibi
550 1521 814 1563 commissos
844 1520 1225 1562 mercenariorum
1257 1531 1378 1561 inore
1411 1519 1643 1568 dese1··ant;
1678 1519 1813 1571 atque

181 1593 331 1635 ovium
367 1604 566 1636 suarum.
608 1604 796 1645 quarum
833 1592 1020 1644 sanguis
1055 1591 1108 1633 de
1145 1603 1298 1633 eorum
1332 1594 1398 1633 est
1435 1590 1645 1632 inanibus
1680 1602 1706 1631 a
1741 1601 1814 1632 su-

177 1676 330 1718 premo
366 1664 516 1706 Iudice
551 1663 862 1716 requirendus.
900 1662 1134 1705 custodiae
1166 1662 1349 1704 minime
1386 1662 1672 1704 incumbant:
1711 1672 1812 1703 611111

182 1736 482 1778 certissimum
514 1736 591 1785 sit,
633 1747 721 1777 non
754 1733 937 1777 admitti
974 1734 1174 1787 pastoris
1207 1733 1563 1776 excusationem.
1605 1733 1642 1775 si
1681 1731 1815 1785 lupus

181 1820 286 1850 oves
310 1807 518 1852 comedit.
546 1809 594 1851 et>
616 1808 773 1859 pastor
799 1807 941 1849 nescit
971 1824 1007 1847 ».
1040 1806 1152 1848 Huic
1179 1805 1365 1847 Decreto
1393 1804 1632 1847 inhaerens
1657 1804 1815 1847 eadem

187 1880 229 1922 S.
261 1880 468 1933 Synodus
494 1898 513 1917 «
543 1879 746 1922 declarat
775 1875 837 1929 (in
861 1891 900 1921 c.
932 1878 970 1922 ’1.
1001 1890 1112 1920 sess.
1142 1878 1279 1919 XXIII
1308 1877 1360 1919 de
1389 1872 1506 1928 Ref.)
1533 1888 1689 1919 omnes
1716 1875 1819 1929 Epi·

180 1964 343 2004 scopos
378 1951 704 1995 residentiales,
746 1951 924 1993 etiamsi
963 1951 1006 1992 S.
1049 1950 1097 1992 R.
1139 1949 1367 1991 Ecclesiae
1406 1947 1671 1991 Cardinales
1703 1947 1810 1995 sint,

181 2023 372 2076 obligari
409 2022 467 2065 ad
501 2021 786 2075 personalem
822 2022 867 2063 in
901 2034 985 2064 sua
1024 2020 1241 2069 Ecclesia,
1283 2020 1348 2062 rel
1387 2019 1581 2067 dioecesi
1617 2017 1815 2062 residen-

182 2096 307 2145 tiam,
343 2095 417 2137 ubi
449 2095 650 2136 iniuncto
681 2094 765 2136 sibi
797 2093 941 2135 officio
971 2092 1156 2145 defungi
1189 2095 1449 2134 teneantur:
1482 2102 1625 2144 neque
1658 2090 1815 2133 abesse

185 2177 331 2219 posse,
363 2166 448 2208 nisi
476 2178 530 2208 ex
555 2166 707 2208 causis
728 2168 771 2208 et
801 2163 946 2207 modis
975 2161 1173 2215 (ibidem)
1205 2163 1570 2214 infrascriptis».
1602 2161 1727 2204 Hanc
1749 2173 1816 2203 re-

178 2236 421 2279 sidentiam
456 2237 740 2288 personalem
776 2238 816 2277 61
857 2234 1092 2277 formalem
1128 2234 1400 2276 confirmans
1437 2232 1707 2285 praescribit
1743 2242 1816 2272 ca-

184 2318 274 2348 11011.
309 2301 411 2349 338.
471 2307 491 2359 ἓ
533 2308 569 2348 1.
628 2306 817 2347 Etiamsi
865 2305 1079 2356 Epi-scopi
1128 2303 1442 2345 coadiutorem
1498 2302 1710 2347 habeant.
1762 2302 1816 2345 de

185 2391 270 2431 (1110
304 2379 348 2420 111
377 2391 480 2431 cap.
518 2390 628 2431 seq..
668 2380 874 2419 tenentur
906 2378 1001 2429 [eye
1035 2389 1114 2430 per
1145 2376 1262 2418 hunc
1296 2387 1515 2417 canonem
1548 2373 1813 2417 confirmata

188 2451 312 2492 iuxta
341 2462 440 2492 can.
470 2450 510 2494 6.
543 2450 584 2490 2⁰
610 2448 862 2500 personalis
888 2449 931 2489 111
960 2447 1156 2489 dioecesi
1183 2446 1469 2491 residentiac,
1499 2458 1586 2487 non
1614 2444 1818 2498 praecise

187 2522 229 2563 in
255 2521 437 2563 civitate
466 2520 726 2573 Episcopali
749 2532 829 2572 per
850 2531 899 2562 se
927 2518 1164 2572 loquendo.

278 2591 451 2634 Causae
476 2591 724 2633 recensitae
750 2591 794 2631 in
817 2591 893 2633 cit.
919 2602 958 2631 c.
990 2590 1008 2630 vl
1037 2589 1170 2632 Conc.
1198 2588 1338 2630 Trid..
1367 2586 1599 2630 videlicet:
1630 2604 1651 2625 «
1679 2585 1818 2629 chris-

188 2662 313 2704 tiana
347 2662 561 2711 charitas,
601 2673 765 2713 urgens
794 2661 1059 2705 necessitas,
1092 2660 1244 2702 debita
1280 2659 1517 2707 obedentia
1552 2667 1607 2701 ac¹
1637 2656 1820 2700 evidens

191 2733 418 2776 Ecclesiae
451 2733 516 2775 vel
552 2732 829 2785 reipublicae
867 2731 1040 2775 utilitas
1075 2750 1112 2781 »‚
1152 2732 1420 2774 omittuntur
1454 2731 1499 2772 in
1533 2740 1704 2772 canone
1738 2728 1819 2771 Co-

187 2805 316 2854 dicis,
347 2808 501 2857 utpote
528 2803 850 2856 approbandae
875 2814 929 2845 ex
956 2803 1050 2845 iure
1076 2801 1364 2854 praece-denti
1393 2807 1416 2844 a
1446 2801 1644 2843 Romano
1668 2799 1816 2841 Ponti-

286 2895 299 2914 1
325 2896 416 2933 Cap.
440 2897 470 2928 1.
491 2904 582 2927 sess.
612 2895 738 2926 XXIII
764 2896 810 2927 de
831 2894 918 2926 Res.
