1971 3260
182 109 269 145 Gan.
294 109 364 145 358
755 108 870 142 PARS
897 107 917 141 Ι
958 128 968 133 -
997 107 1056 141 De
1081 107 1231 141 clericis
1743 109 1812 143 387

182 243 279 275 esse
303 233 399 286 ipse
420 233 645 281 maluerit,
672 237 777 275 tunc
796 234 916 276 enim
940 236 1089 285 potest
1113 245 1166 275 ac
1184 232 1452 285 designandi
1479 233 1575 275 loco
1601 233 1815 275 interesse

186 321 206 342 κ
244 305 375 348 debet
414 322 451 346 ».
492 305 648 356 Quoad
685 304 969 356 Superiorem
1006 303 1265 356 religiosum
1303 306 1559 356 exemptum
1598 303 1685 345 fuit
1723 315 1815 345 am-

184 377 330 429 pliata
356 375 573 429 obligatio
600 375 780 428 Synodo
809 375 1105 417 dioecesanae
1135 375 1475 417 interveniendi.

274 447 467 489 Practici
511 446 725 488 momenti
770 446 892 487 circa
934 446 1129 488 Abbates
1167 446 1218 487 de
1264 445 1479 498 regimine
1525 450 1673 498 potest
1714 458 1814 488 esse

181 530 283 572 cap.
315 519 340 560 6
373 516 457 570 (tit.
489 518 550 560 De
578 517 827 570 privilegiis
849 517 895 565 V,
927 518 968 566 7)
996 518 1041 558 in
1068 518 1125 559 6⁰.
1155 535 1174 555 «
1198 517 1254 559 Ut
1279 509 1562 570 Apostolicae
1588 517 1717 560 Sedis
1742 518 1815 560 be—

182 589 405 642 nignitas:
445 601 560 642 quae
596 588 823 631 nonnullis
863 588 1108 630 Abbatibus
1149 588 1341 641 aliisque
1375 588 1610 640 praelatis,
1655 588 1818 641 quibus

187 673 275 703 non
297 660 513 713 competit
533 672 590 702 ex
611 659 795 712 propria
820 660 1055 711 dignitate,
1084 660 1308 701 concessit,
1330 660 1374 700 in
1396 659 1693 702 ecclesiarum
1715 671 1818 702 sua-

180 743 280 773 rum
308 730 499 784 gloriam
525 732 567 772 et
598 730 827 777 honorem,
863 730 981 783 quod
1011 731 1149 772 mitra
1177 734 1220 772 et
1252 730 1356 772 alliis
1382 729 1719 782 pontificalibus
1749 730 1814 772 uti

182 803 382 855 possint:
416 801 665 855 provideat,
699 814 752 844 ne
776 801 878 844 inde
903 801 1123 844 scandala
1150 802 1379 843 oriantur:
1409 801 1475 843 sic.
1501 805 1668 851 tamen,
1699 801 1816 854 quod

181 873 270 926 ipsi
302 871 579 926 >privilegiati
614 884 797 915 suorum
832 871 1169 925 privilegiorum
1204 884 1293 913 non
1324 871 1599 915 frustrentur
1630 871 1811 920 effectu,

180 946 225 986 et
245 955 302 986 ex
323 943 585 986 maioritate
609 955 661 986 ae
687 943 844 985 deco-re
865 942 1027 985 maiori
1049 946 1308 993 ornatuum,
1332 943 1573 985 majoritas
1595 945 1814 996 appareat

183 1014 469 1066 dignitatum.
510 1014 572 1057 De
614 1013 807 1056 fratrum
843 1016 1098 1056 nostrorum
1134 1013 1322 1056 consilio
1365 1013 1592 1066 praesenti
1633 1013 1816 1055 decreto

183 1085 441 1130 statuimus,
472 1088 521 1127 ut
543 1085 750 1129 Abbates,
779 1088 824 1127 et
848 1085 944 1136 alii,
978 1085 1140 1138 quibus
1166 1085 1326 1128 mitrae
1355 1097 1462 1127 usus
1483 1087 1554 1128 est
1580 1085 1635 1127 ab
1658 1084 1817 1127 eadem

181 1156 287 1198 sede
314 1166 582 1199 concessus:
619 1155 824 1208 Exempti
857 1155 1036 1208 quidem
1065 1156 1109 1197 in
1140 1155 1496 1208 provincialibus
1526 1154 1745 1204 conciliis,
1773 1158 1818 1197 et

184 1227 521 1280 episcopalibus
552 1227 736 1280 synodis
779 1224 958 1280 (quibus
990 1218 1192 1270 nonnulli
1224 1239 1379 1269 eorum
1419 1225 1635 1269 interesse
1666 1225 1818 1269 tenen-

183 1296 272 1350 tur)
302 1298 450 1341 mitris
480 1298 792 1341 tantummodo
824 1298 1136 1345 aurifrisiatis,
1170 1311 1252 1341 nec
1281 1300 1433 1340 tamen
1458 1309 1625 1341 aureas
1653 1298 1720 1339 vel
1748 1309 1818 1339 ar-

183 1372 368 1422 genteas
398 1369 606 1414 laminas,
643 1370 722 1412 aut
749 1381 951 1421 gemmas
981 1368 1265 1411 habentibus,
1302 1369 1365 1409 uti
1398 1369 1588 1420 possint.
1620 1368 1713 1409 Non
1743 1380 1818 1410 ex-

183 1440 322 1492 empti
347 1452 450 1482 vero
475 1439 756 1492 sim-plicibus
803 1444 843 1482 et
871 1440 986 1482 albis
1011 1452 1063 1482 ao
1093 1439 1242 1492 planis
1268 1442 1467 1481 utantur.
1503 1439 1554 1480 In
1582 1439 1686 1482 aliis
1714 1451 1818 1482 vero

185 1509 295 1552 locis
321 1511 543 1563 exemptis
564 1514 607 1552 et
634 1522 721 1553 non
745 1508 966 1562 exemptis
989 1511 1139 1553 mitris
1165 1510 1299 1552 liceat
1327 1510 1416 1552 illis
1443 1510 1524 1556 nti,
1554 1513 1689 1562 prout
1716 1522 1817 1552 con-

152 1597 159 1603 ·
184 1590 312 1621 cessa
338 1579 407 1622 eis
434 1580 490 1622 ab
517 1579 676 1622 eadem
702 1580 805 1622 sede
835 1580 1013 1622 indulta
1035 1580 1301 1632 pemnittunt
1323 1597 1360 1620 ».

271 1651 291 1703 ξ
317 1652 358 1693 2.
392 1649 659 1702 Episcopus,
695 1651 732 1691 si
762 1653 1067 1702 opportunum
1099 1647 1379 1700 dimicaverit,
1414 1651 1561 1701 potest
1594 1649 1651 1690 ad
1677 1648 1818 1701 Syno-

184 1720 291 1762 dum
320 1732 480 1762 vocare
510 1725 692 1774 praeter
723 1721 868 1764 dictos
894 1722 939 1763 in
971 1721 1008 1773 §⁰
1036 1721 1090 1771 1⁰,
1120 1724 1165 1763 et
1196 1721 1460 1772 exprimere,
1495 1720 1602 1772 quia
1633 1730 1819 1772 praesu-

183 1795 367 1835 muntur
394 1805 485 1835 non
517 1793 680 1841 vocati,
713 1792 825 1833 alios
861 1802 1035 1843 quoquc
1069 1795 1109 1834 et
1144 1792 1279 1833 etiam
1312 1801 1463 1832 omncs
1499 1788 1541 1841 a)
1578 1790 1818 1831 canonicos

185 1862 524 1916 collegiatorum
553 1864 875 1916 capitulorum,
915 1859 959 1916 b)
993 1862 1216 1914 parochos
1251 1866 1384 1905 extra*
1412 1863 1624 1907 urbanos,
1660 1859 1698 1912 o)
1737 1860 1819 1902 Su-

190 1933 390 1985 periores
421 1933 653 1986 reliytosos
680 1934 884 1977 eiusdem
913 1934 1146 1986 religionis
1175 1933 1400 1976 clericalis
1431 1934 1550 1975 intra
1581 1932 1823 1975 dioecesim

186 2008 531 2049 commorantes,
571 2009 664 2047 tam
703 2004 884 2049 locales,
926 2016 1060 2058 quam
1095 2003 1412 2057 provinciales,
1456 2002 1542 2045 imo
1574 2002 1617 2053 d)
1659 2005 1700 2043 et
1732 2003 1820 2043 sin-

193 2076 321 2127 qulos
358 2087 466 2116 suae
502 2076 720 2117 dioecesis
758 2076 1015 2116 saeculares
1053 2076 1327 2119 sacenlotes,
1369 2074 1557 2127 proinde
1595 2087 1684 2117 non
1721 2074 1822 2116 reli-

186 2147 338 2200 giosos
374 2147 457 2189 etsi
487 2147 633 2190 eidem
672 2147 914 2196 subiectos,
954 2158 1036 2189 nec
1073 2149 1248 2188 tantum
1282 2147 1327 2187 in
1366 2145 1510 2188 sacris
1541 2149 1620 2188 aut
1658 2144 1820 2187 benefi-

187 2217 347 2268 ciatos,
384 2229 484 2260 eum
517 2217 721 2271 sequenti
757 2217 922 2259 limite:
962 2216 1016 2258 iis
1052 2218 1200 2257 tamen
1236 2214 1435 2267 exceptis
1467 2216 1542 2268 qui
1575 2213 1821 2256 necessarii

186 2288 291 2329 sunt
308 2298 363 2329 ne
382 2287 428 2330 1η
450 2285 674 2340 paroeciis
700 2286 955 2327 animarum
975 2298 1084 2328 cura
1107 2286 1245 2336 clesz't;
1268 2287 1339 2329 ius
1361 2291 1512 2329 autem
1534 2287 1692 2329 horum
1718 2286 1820 2328 inde

187 2360 426 2412 sequutum
446 2359 797 2412 praescribitur:
825 2357 1008 2401 ,invitati
1036 2358 1187 2397 autem
1212 2357 1279 2398 ius
1308 2357 1515 2409 suffraqiz'
1543 2357 1587 2398 z'n
1615 2355 1820 2397 omnibus

188 2428 368 2480 habent,
402 2428 588 2482 perinde
619 2441 671 2471 ac
703 2429 839 2471 ceteri
870 2432 921 2472 ut
949 2429 1071 2472 infra
1099 2441 1200 2472 ean.
1232 2429 1316 2470 362
1367 2431 1409 2470 et
1437 2428 1562 2477 alibi,
1598 2427 1685 2469 nisi
1715 2427 1820 2479 Epi-

189 2509 352 2550 scopus
388 2499 433 2540 1η
471 2499 735 2542 &miratione
779 2498 903 2541 aliud
948 2509 1156 2550 eoepresse
1203 2499 1371 2540 ccwerz't
1409 2499 1558 2552 quoad
1602 2497 1815 2550 idipsum.

189 2568 436 2622 Tamquam
465 2582 670 2613 normam
699 2570 854 2613 iudicii
890 2570 1102 2623 Episcopi
1138 2571 1192 2613 de
1219 2569 1558 2623 opportunitate
1594 2568 1821 2610 imitatio-

188 2640 276 2690 nis,
298 2643 505 2693 praestat
528 2640 697 2684 referre
719 2641 1059 2693 responsionem
1087 2640 1130 2683 S.
1161 2640 1207 2683 C.
1238 2640 1284 2682 C.
1314 2639 1359 2681 in
1388 2637 1669 2682 Nucerina1:
1703 2639 1814 2682 «IV.

123 2716 128 2719 ·
192 2709 255 2750 An
278 2709 529 2763 Presbyteri
547 2714 593 2753 et
611 2710 769 2753 Clerici
790 2723 879 2753 non
898 2709 1151 2753 beneficiati
1173 2709 1379 2762 compelli
1400 2709 1573 2762 possint
1596 2721 1676 2761 pel
1697 2709 1823 2762 Epis—

191 2791 354 2832 copum
390 2780 448 2821 ad
491 2780 735 2833 synodum
783 2779 1107 2823 consuetudine
1149 2781 1348 2833 legitima
1392 2780 1512 2822 haud
1553 2782 1736 2821 extante
1779 2780 1824 2821 in

195 2862 304 2892 casu
324 2853 411 2893 etc.
436 2876 450 2881 -
474 2852 535 2894 Ad
560 2852 626 2893 IV.
655 2852 922 2894 Affirmative
944 2855 988 2894 ut
1013 2852 1058 2893 in
1081 2851 1416 2904 Balneoregien.
1447 2851 1497 2892 15
1519 2851 1621 2892 Dec.
1652 2850 1760 2892 1629
1783 2867 1819 2900 »‚

283 2954 295 2974 1
321 2952 363 2984 20
397 2953 486 2984 Dec.
522 2954 617 2985 1817.
